@article{Dirac1953888,
  title   = "The lorentz transformation and absolute time",
  journal = "Physica ",
  volume  = "19",
  number  = "1-–12",
  pages   = "888--896",
  year    = "1953",
  doi     = "10.1016/S0031-8914(53)80099-6",
  author  = "P.A.M. Dirac"
}

@article{Feynman1963118,
  title   = "The theory of a general quantum system interacting with a linear dissipative system",
  journal = "Annals of Physics ",
  volume  = "24",
  pages   = "118--173",
  year    = "1963",
  doi     = "10.1016/0003-4916(63)90068-X",
  author  = "R.P Feynman and F.L {Vernon Jr.}"
}
@InProceedings{Yang_2018_CVPR,
author = {Yang, Hongtao and He, Xuming and Porikli, Fatih},
title = {One-Shot Action Localization by Learning Sequence Matching Network},
booktitle = {Proceedings of the IEEE Conference on Computer Vision and Pattern Recognition (CVPR)},
month = {June},
year = {2018}
}
@article{Xu2018SimilarityRF,
  title={Similarity R-C3D for Few-shot Temporal Activity Detection},
  author={Huijuan Xu and Bingyi Kang and Ximeng Sun and Jiashi Feng and Kate Saenko and Trevor Darrell},
  journal={ArXiv},
  year={2018},
  volume={abs/1812.10000}
}
@article{Xie2021FewShotAL,
  title={Few-Shot Action Localization without Knowing Boundaries},
  author={Tingting Xie and Christos Tzelepis and Fan Fu and I. Patras},
  journal={ArXiv},
  year={2021},
  volume={abs/2106.04150}
}